
@incollection{MB:08:ZSS,
  title={Z3: An efficient SMT solver},
  author={Leonardo De Moura and Nikolaj Bj{\o}rner},
  booktitle={TACAS},
  pages={337--340},
  year={2008},
  publisher={Springer}
}
